<?xml version="1.0" encoding="UTF-8"?><collection xmlns="http://www.loc.gov/MARC21/slim"><record><leader>00680nam--2200217-u-4500</leader><controlfield tag="001">000053391</controlfield><controlfield tag="002">20161230</controlfield><controlfield tag="005">20161230201051</controlfield><controlfield tag="008">110323s1000------------r-----000-0-eng-d</controlfield><datafield ind1=" " ind2=" " tag="020"><subfield code="a">0521662281</subfield></datafield><datafield ind1=" " ind2=" " tag="040"><subfield code="a">IFIN-HH</subfield></datafield><datafield ind1=" " ind2=" " tag="080"><subfield code="a">530.16:530.145:517.958</subfield></datafield><datafield ind1="1" ind2=" " tag="100"><subfield code="a">Gribov, V.N</subfield></datafield><datafield ind1="1" ind2="0" tag="245"><subfield code="a">Quantum electrodynamics</subfield><subfield code="b">Gribov lectures on theoretical physics</subfield><subfield code="c">V.n. gribov; j. nyiri</subfield></datafield><datafield ind1=" " ind2=" " tag="260"><subfield code="a">Cambridge</subfield><subfield code="b">Cambridge University Press</subfield><subfield code="c">2001</subfield></datafield><datafield ind1=" " ind2=" " tag="300"><subfield code="a">270P</subfield></datafield><datafield ind1=" " ind2=" " tag="490"><subfield code="a">Cambridge Monographs On Particle Physics, Nuclear Physics And Cosmology</subfield><subfield code="v">Vol. 13</subfield></datafield><datafield ind1=" " ind2="4" tag="650"><subfield code="a">Quantum electrodynamics</subfield></datafield><datafield ind1="1" ind2=" " tag="700"><subfield code="a">Nyiri, J</subfield></datafield><datafield ind1=" " ind2=" " tag="852"><subfield code="a">81705</subfield><subfield code="c">530.1</subfield></datafield><datafield ind1=" " ind2=" " tag="CAT"><subfield code="a">Sys</subfield><subfield code="c">20110323</subfield><subfield code="h">150803</subfield></datafield></record></collection>